#Dette er referanselisten til rapporten
@online{basic-adc,
	author = {Margaret Rouse},
	title = {analog-to-digital conversion (ADC)},
	year = 2005,
	url = {http://whatis.techtarget.com/definition/analog-to-digital-conversion-ADC}
}
@online{basic-sample-hold,
	author = {Alexander Scheeline},
	title = {Sample and Hold Settling Time},
	url = {www.asdlib.org/onlineArticles/elabware/Scheeline_ADC/ADC_ADC_SandH.html},
	urldate = {16-04-2016}
}

