@book{CMOS-baker,
	author = {R. Jacob Baker},
	title = {CMOS Mixed-Signal Circuit Design},
	publisher = {IEEE Press and John Wiley and Sons},	
	year = {"2009"},
}
